<record><leader>00000cas a2200000 a 4500</leader><controlfield tag="001">14925016</controlfield><controlfield tag="008">861204d19071911iluwr ne      0   a0eng c</controlfield><datafield ind1=" " ind2=" " tag="010"><subfield code="a">sn 86090451 </subfield></datafield><datafield ind1=" " ind2=" " tag="040"><subfield code="a">PPM</subfield><subfield code="b">eng</subfield><subfield code="c">PPM</subfield><subfield code="d">NPH</subfield><subfield code="d">NVF</subfield><subfield code="d">OCLCQ</subfield><subfield code="d">OCLCF</subfield><subfield code="d">NVF</subfield><subfield code="d">OCLCO</subfield></datafield><datafield ind1=" " ind2=" " tag="042"><subfield code="a">pcc</subfield></datafield><datafield ind1=" " ind2=" " tag="043"><subfield code="a">n-us---</subfield></datafield><datafield ind1="0" ind2=" " tag="130"><subfield code="a">National prohibitionist (Chicago, Ill. : 1907)</subfield></datafield><datafield ind1="1" ind2="4" tag="245"><subfield code="a">The national prohibitionist.</subfield></datafield><datafield ind1=" " ind2=" " tag="260"><subfield code="a">Chicago, Ill. :</subfield><subfield code="b">Home Defender Pub. Co.</subfield></datafield><datafield ind1=" " ind2=" " tag="300"><subfield code="a">v. :</subfield><subfield code="b">ill. ;</subfield><subfield code="c">34 cm.</subfield></datafield><datafield ind1=" " ind2=" " tag="310"><subfield code="a">Weekly</subfield></datafield><datafield ind1="1" ind2=" " tag="362"><subfield code="a">Began in 1907? Ceased in 1911.</subfield></datafield><datafield ind1=" " ind2=" " tag="500"><subfield code="a">"A journal of good citizenship" appears in masthead.</subfield></datafield><datafield ind1=" " ind2=" " tag="515"><subfield code="a">Issues for June 18 and June 25, 1908 both designated as v. 14, no. 6; correct numbering resumes with v. 14, no. 7 (July 2, 1908).</subfield></datafield><datafield ind1=" " ind2=" " tag="530"><subfield code="a">Preservation microfilmed by the University of Illinois at Urbana-Champaign Library as part of the United States Newspaper Program; the years 1907-1910 (on 1 microfilm reel) are available for purchase from OCLC Preservation Service Centers.</subfield></datafield><datafield ind1=" " ind2=" " tag="580"><subfield code="a">Merged with: Venango vindicator, to form: Vindicator.</subfield></datafield><datafield ind1=" " ind2=" " tag="588"><subfield code="a">Description based on: Vol. 13, no. 30 (Dec. 5, 1907).</subfield></datafield><datafield ind1=" " ind2=" " tag="588"><subfield code="a">Latest issue consulted: Jan. 27, 1910.</subfield></datafield><datafield ind1=" " ind2="0" tag="650"><subfield code="a">Prohibition</subfield><subfield code="z">United States</subfield><subfield code="v">Newspapers.</subfield></datafield><datafield ind1=" " ind2="0" tag="650"><subfield code="a">Temperance</subfield><subfield code="z">United States</subfield><subfield code="v">Newspapers.</subfield></datafield><datafield ind1=" " ind2="0" tag="651"><subfield code="a">United States</subfield><subfield code="v">Newspapers.</subfield></datafield><datafield ind1=" " ind2="7" tag="650"><subfield code="a">Prohibition.</subfield><subfield code="2">fast</subfield><subfield code="0">(OCoLC)fst01078761</subfield></datafield><datafield ind1=" " ind2="7" tag="650"><subfield code="a">Temperance.</subfield><subfield code="2">fast</subfield><subfield code="0">(OCoLC)fst01147309</subfield></datafield><datafield ind1=" " ind2="7" tag="651"><subfield code="a">United States.</subfield><subfield code="2">fast</subfield><subfield code="0">(OCoLC)fst01204155</subfield></datafield><datafield ind1=" " ind2="7" tag="655"><subfield code="a">Newspapers.</subfield><subfield code="2">fast</subfield><subfield code="0">(OCoLC)fst01423814</subfield></datafield><datafield ind1=" " ind2=" " tag="752"><subfield code="a">United States</subfield><subfield code="b">Illinois</subfield><subfield code="c">Cook</subfield><subfield code="d">Chicago.</subfield></datafield><datafield ind1="1" ind2="7" tag="785"><subfield code="t">Venango vindicator</subfield><subfield code="w">(DLC)sn 89077015</subfield><subfield code="w">(OCoLC)19028836</subfield></datafield><datafield ind1="1" ind2="7" tag="785"><subfield code="t">Vindicator</subfield><subfield code="w">(DLC)sn 89077006</subfield><subfield code="w">(OCoLC)8613259</subfield></datafield></record>